@article{searching_for_spaceships,
  doi = {10.48550/ARXIV.CS/0004003},
  
  url = {https://arxiv.org/abs/cs/0004003},
  
  author = {Eppstein, David},
  
  keywords = {Artificial Intelligence (cs.AI), Cellular Automata and Lattice Gases (nlin.CG), FOS: Computer and information sciences, FOS: Computer and information sciences, FOS: Physical sciences, FOS: Physical sciences, I.2.8; F.1.1},
  
  title = {Searching for Spaceships},
  
  publisher = {arXiv},
  
  year = {2000},
  
  copyright = {Assumed arXiv.org perpetual, non-exclusive license to distribute this article for submissions made before January 2004}
}

@phdthesis{physics_CA_use_example,
author = {Kroc, Jiří},
year = {2001},
month = {05},
pages = {},
title = {Simulation of Dynamic Recrystallization by Cellular Automata}
}